@book{Cormen:2009:IAT:1614191,
	author = {Cormen, Thomas H. and Leiserson, Charles E. and Rivest, Ronald L. and Stein, Clifford},
	title = {Introduction to Algorithms, Third Edition},
	year = {2009},
	isbn = {0262033844, 9780262033848},
	edition = {3rd},
	publisher = {The MIT Press},
} 


@misc{TimeComplexityPy,
	title = {Time Complexity - Python Wiki},
	author = {Hartley, Jonathan},
	howpublished = {\url{https://wiki.python.org/moin/TimeComplexity}},
	note = {Zuletzt bearbeitet: 05.06.2017,  Zugriff: 01.02.2018}
}


@misc{SptfyTrackID,
	title = {Spotify URIs and IDs - Spotify Web API User Guide},
	howpublished = {\url{https://developer.spotify.com/web-api/user-guide/#spotify-uris-and-ids}},
	note = {Zugriff: 01.02.2018}
}

@misc{API,
	title = {A Java wrapper/client for the Spotify Web API},
	howpublished = {\url{https://github.com/thelinmichael/spotify-web-api-java}},
}

@misc{CPROF,
	title = {The Python Standard Library Documentation - 26.4.3. profile and cProfile Module Reference},
	howpublished = {\url{https://docs.python.org/2/library/profile.html#module-cProfile}},
	note = {Zugriff: 01.02.2018}
}


@misc{TIME,
	title = {The Python Standard Library Documentation - 15.3. time — Time access and conversions},
	howpublished = {\url{https://docs.python.org/2/library/time.html#time.time}},
	note = {Zugriff: 02.02.2018}
}

@misc{SNAKE,
	title = {SnakeViz - a browser based graphical viewer for the output of Python’s cProfile module},
	howpublished = {\url{https://jiffyclub.github.io/snakeviz/}},
}